@Article{FarrisTrimble2014,
  author    = {Ashley Farris-Trimble and Bob McMurray and Nicole Cigrand and J. Bruce Tomblin},
  journal   = {Journal of Experimental Psychology: Human Perception and Performance},
  title     = {The process of spoken word recognition in the face of signal degradation.},
  year      = {2014},
  month     = {feb},
  number    = {1},
  pages     = {308--327},
  volume    = {40},
  doi       = {10.1037/a0034353},
  file      = {:FarrisTrimble2014 - The Process of Spoken Word Recognition in the Face of Signal Degradation..pdf:PDF},
  publisher = {American Psychological Association ({APA})},
}


@article{tanenhaus1995integration,
  title={Integration of visual and linguistic information in spoken language comprehension},
  author={Tanenhaus, Michael K and Spivey-Knowlton, Michael J and Eberhard, Kathleen M and Sedivy, Julie C},
  journal={Science},
  volume={268},
  number={5217},
  pages={1632--1634},
  year={1995},
  publisher={American Association for the Advancement of Science}
}

@article{allopenna1998tracking,
  title={Tracking the time course of spoken word recognition using eye movements: Evidence for continuous mapping models},
  author={Allopenna, Paul D and Magnuson, James S and Tanenhaus, Michael K},
  journal={Journal of memory and language},
  volume={38},
  number={4},
  pages={419--439},
  year={1998},
  publisher={Elsevier}
}

@article{elman1985speech,
  title={in Speech Recognition: The TRACE Model},
  author={Elman, Jeffrey L and McClelland, James L},
  journal={Speech and speaker recognition},
  volume={12},
  pages={6},
  year={1985},
  publisher={Karger Medical and Scientific Publishers}
}

@article{mcmurray2022m,
  title={I’m not sure that curve means what you think it means: Toward a [more] realistic understanding of the role of eye-movement generation in the visual world paradigm},
  author={McMurray, Bob},
  journal={Psychonomic Bulletin \& Review},
  pages={1--45},
  year={2022},
  publisher={Springer}
}

@article{mcmurray2010individual,
  title={Individual differences in online spoken word recognition: Implications for SLI},
  author={McMurray, Bob and Samelson, Vicki M and Lee, Sung Hee and Tomblin, J Bruce},
  journal={Cognitive psychology},
  volume={60},
  number={1},
  pages={1--39},
  year={2010},
  publisher={Elsevier}
}

@article{oleson2017detecting,
  title={Detecting time-specific differences between temporal nonlinear curves: Analyzing data from the visual world paradigm},
  author={Oleson, Jacob J and Cavanaugh, Joseph E and McMurray, Bob and Brown, Grant},
  journal={Statistical methods in medical research},
  volume={26},
  number={6},
  pages={2708--2725},
  year={2017},
  publisher={SAGE Publications Sage UK: London, England}
}

@article{seedorff2018bdots,
  title={Detecting when timeseries differ: Using the Bootstrapped Differences of Timeseries (BDOTS) to analyze Visual World Paradigm data (and more)},
  author={Seedorff, Michael and Oleson, Jacob and McMurray, Bob},
  journal={Journal of memory and language},
  volume={102},
  pages={55--67},
  year={2018},
  publisher={Elsevier}
}

@Article{Magnuson2019,
  author    = {James S. Magnuson},
  journal   = {Journal of Cultural Cognitive Science},
  title     = {Fixations in the visual world paradigm: where, when, why?},
  year      = {2019},
  month     = {sep},
  number    = {2},
  pages     = {113--139},
  volume    = {3},
  doi       = {10.1007/s41809-019-00035-3},
  file      = {:scholar/Magnuson2019_Article_FixationsInTheVisualWorldParad.pdf:PDF},
  groups    = {review},
  publisher = {Springer Science and Business Media {LLC}},
}

@Article{Mirman2008,
  author    = {Daniel Mirman and James A. Dixon and James S. Magnuson},
  journal   = {Journal of Memory and Language},
  title     = {Statistical and computational models of the visual world paradigm: Growth curves and individual differences},
  year      = {2008},
  month     = {nov},
  number    = {4},
  pages     = {475--494},
  volume    = {59},
  doi       = {10.1016/j.jml.2007.11.006},
  publisher = {Elsevier {BV}},
}

@Article{Maris2007,
  author    = {Eric Maris and Robert Oostenveld},
  journal   = {Journal of Neuroscience Methods},
  title     = {Nonparametric statistical testing of {EEG}- and {MEG}-data},
  year      = {2007},
  month     = {aug},
  number    = {1},
  pages     = {177--190},
  volume    = {164},
  doi       = {10.1016/j.jneumeth.2007.03.024},
  publisher = {Elsevier {BV}},
}

@article{viviani1990time,
author="Viviani, P.",
title="Eye movements in visual search: cognitive, perceptual and motor control aspects",
journal="Eye movements and their role in visual and cognitive processes",
publisher="Elsevier",
year="1990",
pages="353-393",
URL="https://cir.nii.ac.jp/crid/1571980074594444160"
}

@Article{mcmurray2002look,
  author    = {Bob McMurray and Michael K. Tanenhaus and Richard N. Aslin},
  journal   = {Cognition},
  title     = {Gradient effects of within-category phonetic variation on lexical access},
  year      = {2002},
  month     = {dec},
  number    = {2},
  pages     = {B33--B42},
  volume    = {86},
  doi       = {10.1016/s0010-0277(02)00157-9},
  publisher = {Elsevier {BV}},
}

@Article{McMurray2019,
  author    = {Bob McMurray and Jamie Klein-Packard and J. Bruce Tomblin},
  journal   = {Cognition},
  title     = {A real-time mechanism underlying lexical deficits in developmental language disorder: Between-word inhibition},
  year      = {2019},
  month     = {oct},
  pages     = {104000},
  volume    = {191},
  doi       = {10.1016/j.cognition.2019.06.012},
  publisher = {Elsevier {BV}},
}

@Article{Spivey2005,
  author    = {Michael J. Spivey and Marc Grosjean and Günther Knoblich},
  journal   = {Proceedings of the National Academy of Sciences},
  title     = {Continuous attraction toward phonological competitors},
  year      = {2005},
  month     = {jun},
  number    = {29},
  pages     = {10393--10398},
  volume    = {102},
  doi       = {10.1073/pnas.0503903102},
  publisher = {Proceedings of the National Academy of Sciences},
}



@Comment{jabref-meta: databaseType:bibtex;}
